@book{Artin:1998,
  added-at = {2011-07-20T15:28:42.000+0200},
  author = {Artin, Michael},
  biburl = {https://www.bibsonomy.org/bibtex/27d0c09e17bbf100175ca5bcd520de494/algebradresden},
  groups = {public},
  interhash = {a3ade320e33fb94415ed5fdc28bca08f},
  intrahash = {7dc6bd04f9e9c669e0de24a571e2ac6b},
  keywords = {ganter handbib slub klassische-algebra regal16},
  publisher = {Birkh{\"a}user},
  timestamp = {2013-04-26T12:53:12.000+0200},
  title = {Algebra},
  username = {algebradresden},
  year = 1998
},

@book{gallier2020differential,
  title={Differential Geometry and Lie Groups: A Computational Perspective},
  author={Gallier, J. and Quaintance, J.},
  isbn={9783030460402},
  series={Geometry and Computing},
  url={https://books.google.co.in/books?id=K3r3DwAAQBAJ},
  year={2020},
  publisher={Springer International Publishing}
},

@misc{luo2022understanding,
      title={Understanding Diffusion Models: A Unified Perspective}, 
      author={Calvin Luo},
      year={2022},
      eprint={2208.11970},
      archivePrefix={arXiv},
      primaryClass={cs.LG}
},

@book{lee2003introduction,
  title={Introduction to Smooth Manifolds},
  author={Lee, J.M.},
  isbn={9780387954486},
  lccn={2002070454},
  series={Graduate Texts in Mathematics},
  url={https://books.google.co.in/books?id=eqfgZtjQceYC},
  year={2003},
  publisher={Springer}
}
