@misc{keurti2023homomorphism,
      title={Homomorphism Autoencoder -- Learning Group Structured Representations from Observed Transitions}, 
      author={Hamza Keurti and Hsiao-Ru Pan and Michel Besserve and Benjamin F. Grewe and Bernhard Schölkopf},
      year={2023},
      eprint={2207.12067},
      archivePrefix={arXiv},
      primaryClass={cs.LG}
},
@misc{luo2022understanding,
      title={Understanding Diffusion Models: A Unified Perspective}, 
      author={Calvin Luo},
      year={2022},
      eprint={2208.11970},
      archivePrefix={arXiv},
      primaryClass={cs.LG}
}, 
@misc{higgins2018definition,
      title={Towards a Definition of Disentangled Representations}, 
      author={Irina Higgins and David Amos and David Pfau and Sebastien Racaniere and Loic Matthey and Danilo Rezende and Alexander Lerchner},
      year={2018},
      eprint={1812.02230},
      archivePrefix={arXiv},
      primaryClass={cs.LG}
},
@misc{burgess2018understanding,
      title={Understanding disentangling in $\beta$-VAE}, 
      author={Christopher P. Burgess and Irina Higgins and Arka Pal and Loic Matthey and Nick Watters and Guillaume Desjardins and Alexander Lerchner},
      year={2018},
      eprint={1804.03599},
      archivePrefix={arXiv},
      primaryClass={stat.ML}
},
@misc{hall2000elementary,
      title={An Elementary Introduction to Groups and Representations}, 
      author={Brian C. Hall},
      year={2000},
      eprint={math-ph/0005032},
      archivePrefix={arXiv},
      primaryClass={math-ph}
},
@book{hall2015lie,
  title={Lie Groups, Lie Algebras, and Representations: An Elementary Introduction},
  author={Hall, B.},
  isbn={9783319134673},
  lccn={2015935277},
  series={Graduate Texts in Mathematics},
  year={2015},
  publisher={Springer International Publishing}
},
@misc{higgins2022symmetrybased,
      title={Symmetry-Based Representations for Artificial and Biological General Intelligence}, 
      author={Irina Higgins and Sébastien Racanière and Danilo Rezende},
      year={2022},
      eprint={2203.09250},
      archivePrefix={arXiv},
      primaryClass={q-bio.NC}
},
@misc{sohldickstein2015deep,
      title={Deep Unsupervised Learning using Nonequilibrium Thermodynamics}, 
      author={Jascha Sohl-Dickstein and Eric A. Weiss and Niru Maheswaranathan and Surya Ganguli},
      year={2015},
      eprint={1503.03585},
      archivePrefix={arXiv},
      primaryClass={cs.LG}
},
@book{lee2013introduction,
  title={Introduction to Smooth Manifolds},
  author={Lee, J.M.},
  isbn={9780387217529},
  lccn={2002070454},
  series={Graduate Texts in Mathematics},
  year={2013},
  publisher={Springer New York}
}
